@article{Gibson2011a,
archivePrefix = {arXiv},
arxivId = {arXiv:1011.1669v3},
author = {Gibson, Luke and Lee, Tien Ming and Koh, Lian Pin and Brook, Barry W. and Gardner, Toby A. and Barlow, Jos and Peres, Carlos A. and Bradshaw, Corey J. A. and Laurance, William F. and Lovejoy, Thomas E. and Sodhi, Navjot S.},
doi = {10.1038/nature10425},
eprint = {arXiv:1011.1669v3},
file = {:C$\backslash$:/Users/ariane.mirabel/AppData/Local/Mendeley Ltd./Mendeley Desktop/Downloaded/Gibson et al. - 2011 - Primary forests are irreplaceable for sustaining tropical biodiversity.pdf:pdf;:C$\backslash$:/Users/ariane.mirabel/AppData/Local/Mendeley Ltd./Mendeley Desktop/Downloaded/Gibson et al. - 2011 - Primary forests are irreplaceable for sustaining tropical biodiversity(2).pdf:pdf},
isbn = {0028-0836},
issn = {0028-0836},
journal = {Nature},
number = {7369},
pages = {378--381},
pmid = {21918513},
publisher = {Nature Publishing Group},
title = {{Primary forests are irreplaceable for sustaining tropical biodiversity}},
url = {http://dx.doi.org/10.1038/nature10425{\%}5Cnhttp://www.nature.com/doifinder/10.1038/nature10425},
volume = {478},
year = {2011}
}

@article{Morales-Hidalgo2015,
author = {Morales-Hidalgo, David and Oswalt, Sonja N. and Somanathan, E.},
doi = {10.1016/j.foreco.2015.06.011},
file = {:/roucou/Ariane.Mirabel{\$}/Private/Taff/These/Biblio/Conservation/2015-Morales{\_}Hidalgo-Status{\_}and{\_}trends{\_}in{\_}global{\_}primary{\_}forest{\_}protected{\_}areas{\_}and{\_}areas{\_}designated{\_}for{\_}conservation{\_}of{\_}biodiversity.pdf:pdf},
isbn = {0378-1127},
issn = {03781127},
journal = {Forest Ecology and Management},
keywords = {Biodiversity conservation,FRA 2015,Global Forest Resource Assessment,Primary forest,Protected areas},
pages = {68--77},
publisher = {Elsevier B.V.},
title = {{Status and trends in global primary forest, protected areas, and areas designated for conservation of biodiversity from the Global Forest Resources Assessment 2015}},
url = {http://dx.doi.org/10.1016/j.foreco.2015.06.011},
volume = {352},
year = {2015}
}
@article{Tilman2014,
author = {Tilman, David and Isbell, Forest and Cowles, Jane M.},
doi = {10.1146/annurev-ecolsys-120213-091917},
file = {:/roucou/Ariane.Mirabel{\$}/Private/Taff/These/Biblio/Concepts/2014-Tilman-Biodiversity{\_}and{\_}ecosystem{\_}functioning.pdf:pdf},
isbn = {0198515715},
issn = {1543-592X},
journal = {Annual Review of Ecology, Evolution, and Systematics},
keywords = {biodiversity,coexistence,complementarity,ecosystem functioning,invasibility,niche differentiation,productivity,stability},
number = {1},
pages = {471--493},
pmid = {11679658},
title = {{Biodiversity and Ecosystem Functioning}},
url = {http://www.annualreviews.org/doi/10.1146/annurev-ecolsys-120213-091917},
volume = {45},
year = {2014}
}

@article{Aubry-Kientz2013,
author = {Aubry-Kientz, M{\'{e}}laine and H{\'{e}}rault, Bruno and Ayotte-Tr{\'{e}}panier, Charles and Baraloto, Christopher and Rossi, Vivien},
doi = {10.1371/journal.pone.0063678},
file = {:C$\backslash$:/Users/ariane.mirabel/AppData/Local/Mendeley Ltd./Mendeley Desktop/Downloaded/Aubry-Kientz et al. - 2013 - Toward Trait-Based Mortality Models for Tropical Forests.pdf:pdf;:C$\backslash$:/Users/ariane.mirabel/AppData/Local/Mendeley Ltd./Mendeley Desktop/Downloaded/Aubry-Kientz et al. - 2013 - Toward Trait-Based Mortality Models for Tropical Forests(2).pdf:pdf},
isbn = {1932-6203},
issn = {19326203},
journal = {PLoS ONE},
mendeley-groups = {These/Maths,These/Exploitation{\&}Dynamics,These},
number = {5},
pmid = {23675500},
title = {{Toward Trait-Based Mortality Models for Tropical Forests}},
volume = {8},
year = {2013}
}

@article{Wagner2011,
author = {Wagner, Fabien and H{\'{e}}rault, Bruno and Stahl, Cl{\'{e}}ment and Bonal, Damien and Rossi, Vivien},
doi = {10.1016/j.agrformet.2011.04.012},
isbn = {0168-1923},
issn = {01681923},
journal = {Agricultural and Forest Meteorology},
keywords = {Amazonian rainforest,Bayesian inference,Time domain reflectometer,Tree drought stress,Water balance model},
number = {9},
pages = {1202--1213},
publisher = {Elsevier B.V.},
title = {{Modeling water availability for trees in tropical forests}},
url = {http://dx.doi.org/10.1016/j.agrformet.2011.04.012},
volume = {151},
year = {2011}
}

@article{Blanc2009,
author = {Blanc, Lilian and Echard, Marion and Herault, Bruno and Bonal, Damien and Marcon, Eric and Baraloto, Christopher and Chave, Jerome},
doi = {10.1890/08-1572.1},
file = {:P$\backslash$:/Private/Taff/These/Biblio/Exploitation{\&}Dynamics/2009-Blanc-Dynamics{\_}of{\_}aboveground{\_}carbon{\_}stocks{\_}in{\_}a{\_}selectively{\_}logged{\_}tropical{\_}forest.pdf:pdf},
isbn = {1051-0761},
issn = {10510761},
journal = {Ecological Applications},
keywords = {aboveground},
number = {6},
pages = {1397--1404},
pmid = {19769089},
title = {{carbon stocks Dynamics of aboveground in a selectively logged tropical forest}},
volume = {19},
year = {2009}
}

@article{Olander2005,
author = {Olander, Lydia P and Bustamante, Mercedes M and Asner, Gregory P},
file = {:C$\backslash$:/Users/ariane.mirabel/AppData/Local/Mendeley Ltd./Mendeley Desktop/Downloaded/Olander, Bustamante, Asner - 2005 - Surface Soil Changes Following Selective Logging in an Eastern Amazon Forest.pdf:pdf},
journal = {Earth Interaction},
mendeley-groups = {These,These/Conservation},
number = {4},
title = {{Surface Soil Changes Following Selective Logging in an Eastern Amazon Forest}},
volume = {9},
year = {2005}
}

@article{White2001,
author = {White, Peter S. and Jentsch, Anke},
doi = {10.1007/978-3-642-56849-7_17},
file = {:P$\backslash$:/Private/Taff/These/Biblio/ForestDynamics/2000-White-The{\_}search{\_}for{\_}generality{\_}in{\_}studies{\_}of{\_}disturbance{\_}and ecosystems{\_}dynamics.pdf:pdf},
isbn = {3540675515},
issn = {03404773},
pages = {399--450},
pmid = {2874},
title = {{The Search for Generality in Studies of Disturbance and Ecosystem Dynamics}},
volume = {62},
year = {2001}
}

@article{Reich2014,
author = {Reich, Peter B.},
doi = {10.1111/1365-2745.12211},
isbn = {2806},
issn = {00220477},
journal = {Journal of Ecology},
keywords = {Carbon,Ecophysiology,Leaf,Light,Nutrient,Phylogeny,Root,Stem,Strategy,Water},
mendeley-groups = {Cameroun/Functional{\_}traits},
pages = {275--301},
title = {{The world-wide 'fast-slow' plant economics spectrum: A traits manifesto}},
volume = {102},
year = {2014}
}

@article{Herault2011,
author = {H{\'{e}}rault, Bruno and Bachelot, B{\'{e}}n{\'{e}}dicte and Poorter, Lourens and Rossi, Vivien and Bongers, Frans and Chave, J{\'{e}}r{\^{o}}me and Paine, C. E Timothy and Wagner, Fabien and Baraloto, Christopher},
doi = {10.1111/j.1365-2745.2011.01883.x},
isbn = {1365-2745},
issn = {00220477},
journal = {Journal of Ecology},
keywords = {Bayesian modelling,Functional traits,Growth modelling,Leaf economics,Leaf-height-seed strategy,Plant development and life-history traits,Plant strategy,Stem economics,Tropical rain forest},
mendeley-groups = {Cameroun/French{\_}Guyana},
pages = {1431--1440},
pmid = {18552625},
title = {{Functional traits shape ontogenetic growth trajectories of rain forest tree species}},
volume = {99},
year = {2011}
}

@article{Wright2004,
author = {Wright, Ian J. and Reich, Peter B. and Westoby, Mark and Ackerly, David D. and Baruch, Zdravko and Bongers, Frans and Cavender-Bares, Jeannine and Chapin, Terry and Cornelissen, Johannes H. C. and Diemer, Matthias and Flexas, Jaume and Garnier, Eric and Groom, Philip K. and Gulias, Javier and Hikosaka, Kouki and Lamont, Byron B. and Lee, Tali and Lee, William and Lusk, Christopher and Midgley, Jeremy J. and Navas, Marie-Laure and Niinemets, {\&}{\#}220;lo and Oleksyn, Jacek and Osada, Noriyuki and Poorter, Hendrik and Poot, Pieter and Prior, Lynda and Pyankov, Vladimir I. and Roumet, Catherine and Thomas, Sean C. and Tjoelker, Mark G. and Veneklaas, Erik J. and Villar, Rafael},
doi = {10.1038/nature02403},
issn = {0028-0836},
journal = {Nature},
month = {apr},
number = {6985},
pages = {821--827},
title = {{The worldwide leaf economics spectrum}},
volume = {428},
year = {2004}
}

@article{Chave2009b,
author = {Chave, Jerome and Coomes, David and Jansen, Steven and Lewis, Simon L. and Swenson, Nathan G. and Zanne, Amy E.},
doi = {10.1111/j.1461-0248.2009.01285.x},
isbn = {1461-023X},
issn = {1461023X},
journal = {Ecology Letters},
keywords = {Evolution,Functional ecology,Plant economics,Trade-offs,Wood},
mendeley-groups = {Cameroun},
pages = {351--366},
pmid = {19243406},
title = {{Towards a worldwide wood economics spectrum}},
volume = {12},
year = {2009}
}

@article{Westoby1998,
author = {Westoby, Mark},
doi = {10.1023/A:1004327224729},
isbn = {0032-079X},
issn = {0032079X},
journal = {Plant and Soil},
keywords = {Height of species canopy,Meta-analysis,Plant ecological strategy,Plant functional types,Seed mass,Specific leaf area},
mendeley-groups = {Cameroun/Functional{\_}traits},
pages = {213--227},
title = {{A leaf-height-seed (LHS) plant ecology strategy scheme}},
volume = {199},
year = {1998}
}







